%%% ====================================================================
%%%  BibTeX-file{
%%%     author          = "David Rhead",
%%%     version         = "1.00",
%%%     date            = "17 Feb 1990",
%%%     time            = "17:00 GMT",
%%%     filename        = "test.bib",
%%%     address         = "Cripps Computing Centre,
%%%                        University of Nottingham,
%%%                        University Park,
%%%                        Nottingham,
%%%                        NG7 2RD,
%%%                        United Kingdom",
%%%     telephone       = "+44 602 484848 Ext 2670",
%%%     FAX             = "+44 602 588138",
%%%     checksum        = "05151 839 2908 25082",
%%%     email           = "David_Rhead at uk.ac.nott.vme (JANET)",
%%%     codetable       = "ISO/ASCII",
%%%     keywords        = "bibliography, citation, references",
%%%     supported       = "no",
%%%     docstring       = "This BibTeX database file contains entries
%%%                        designed for testing whether a BibTeX style
%%%                        file lays references out as recommended by
%%%                        certain authorities.  (Note, however, that
%%%                        the BS 1629 examples are from the 1976
%%%                        edition.  The file needs updating to use
%%%                        examples from the 1989 edition instead.)
%%%
%%%                        The checksum field above contains a CRC-16
%%%                        checksum as the first value, followed by the
%%%                        equivalent of the standard UNIX wc (word
%%%                        count) utility output of lines, words, and
%%%                        characters.  This is produced by Robert
%%%                        Solovay's checksum utility.",
%%%  }
%%% ====================================================================


%% @COMMENT{Some standard works describing conventions for citations
%%      and bibliographies}

@article{pennebaker,
	author = {Pennebaker, James and King, Laura},
	year = {2000},
	month = {01},
	pages = {1296-312},
	title = {Linguistic styles: Language use as an individual difference},
	volume = {77},
	journal = {Journal of personality and social psychology},
	doi = {10.1037//0022-3514.77.6.1296}
}

@article{DBLP:journals/corr/abs-1906-08237,
  author    = {Zhilin Yang and
               Zihang Dai and
               Yiming Yang and
               Jaime G. Carbonell and
               Ruslan Salakhutdinov and
               Quoc V. Le},
  title     = {XLNet: Generalized Autoregressive Pretraining for Language Understanding},
  journal   = {CoRR},
  volume    = {abs/1906.08237},
  year      = {2019},
  url       = {http://arxiv.org/abs/1906.08237},
  archivePrefix = {arXiv},
  eprint    = {1906.08237},
  timestamp = {Mon, 24 Jun 2019 17:28:45 +0200},
  biburl    = {https://dblp.org/rec/journals/corr/abs-1906-08237.bib},
  bibsource = {dblp computer science bibliography, https://dblp.org}
}
